<?xml version="1.0" encoding="UTF-8"?><collection xmlns="http://www.loc.gov/MARC21/slim"><record><leader>00741nam--2200169-i-4500</leader><controlfield tag="001">000048677</controlfield><controlfield tag="002">20161230</controlfield><controlfield tag="005">20161230201047</controlfield><controlfield tag="008">060222s1000------------r-----000-0-eng-d</controlfield><datafield ind1=" " ind2=" " tag="040"><subfield code="a">IFIN-HH</subfield></datafield><datafield ind1=" " ind2=" " tag="080"><subfield code="a">539.12.08</subfield></datafield><datafield ind1="1" ind2=" " tag="110"><subfield code="a">The Oecd European Nuclear Energy Agency</subfield></datafield><datafield ind1="1" ind2="0" tag="245"><subfield code="a">Radiation dose measurements.mesure des doses d'irradiation</subfield><subfield code="b">Their purpose, interpretation and required accuracy in radiological protection. stockholm 12th-16th june 1967 organized by the european nuclear energy agency of the organisation for economic co-operation and development in co-orperation with the swedish aTOMIC ENERGY COMPANY</subfield></datafield><datafield ind1=" " ind2=" " tag="260"><subfield code="a">Paris</subfield><subfield code="b">Oecd</subfield><subfield code="c">1967</subfield></datafield><datafield ind1=" " ind2=" " tag="300"><subfield code="a">597P</subfield></datafield><datafield ind1=" " ind2=" " tag="852"><subfield code="a">33944</subfield><subfield code="c">539.1.07:539.1.08</subfield></datafield><datafield ind1=" " ind2=" " tag="CAT"><subfield code="a">Sys</subfield><subfield code="c">20111024</subfield><subfield code="h">142441</subfield></datafield></record></collection>